@Inbook{Liberty2011,
  author="Liberty, Jesse and Betts, Paul",
  title="Reactive Extensions for JavaScript",
  bookTitle="Programming Reactive Extensions and LINQ",
  year="2011",
  publisher="Apress",
  address="Berkeley, CA",
  pages="111--124",
  abstract="The concepts behind Reactive Extensions are universal in the world of computing; they are not specific to C{\#} or .NET. To prove this, the Rx team at Microsoft ported the Reactive Extensions to JavaScript, and by doing so, brought the same powerful thinking about concurrency to the browser.",
  isbn="978-1-4302-3748-8",
  doi="10.1007/978-1-4302-3748-8_7",
  url="https://doi.org/10.1007/978-1-4302-3748-8_7"
}

@Inbook{Clow2018,
  author="Clow, Mark",
  title="RxJS with Angular",
  bookTitle="Angular 5 Projects: Learn to Build Single Page Web Applications Using 70+ Projects ",
  year="2018",
  publisher="Apress",
  address="Berkeley, CA",
  pages="309--313",
  abstract="In the previous chapter, we went through the core concepts of Reactive extensions and learned about observables, observers, subscriptions, and operators in RxJS. Now we're going to see how we can use Reactive Extensions with Angular.",
  isbn="978-1-4842-3279-8",
  doi="10.1007/978-1-4842-3279-8_17",
  url="https://doi.org/10.1007/978-1-4842-3279-8_17"
}

@book{9781680502473,
  author = {Sergi Mansilla},
  title = {Reactive Programming with RxJS 5: Untangle Your Asynchronous JavaScript Code},
  publisher = {Pragmatic Bookshelf},
  year = {2018},
  isbn = {9781680502473},
  url = {https://www.amazon.com/Reactive-Programming-RxJS-Asynchronous-JavaScript-ebook/dp/B07B84QFKC?SubscriptionId=0JYN1NVW651KCA56C102&tag=techkie-20&linkCode=xm2&camp=2025&creative=165953&creativeASIN=B07B84QFKC}
}
